@misc{PhxUserGuide,
title = {Phalanx User's Guide},
howpublished = {\url{https://trilinos.org/docs/dev/packages/phalanx/doc/html/user_guide.html}}
}

@misc{TpetraTutorial,
title = {Tpetra tutorial},
howpublished = {\url{https://trilinos.org/docs/dev/packages/tpetra/doc/html/index.html}}
}
